
@misc{website:wiki-csrf-sever,
      title = "Cross Site Request Forgery",
      howpublished = {\url{http://en.wikipedia.org/wiki/Cross-site_request_forgery#Severity}}
}

@inproceedings{Dhamija:2006:WPW:1124772.1124861,
 author = {Dhamija, Rachna and Tygar, J. D. and Hearst, Marti},
 title = {Why phishing works},
 booktitle = {Proceedings of the SIGCHI conference on Human Factors in computing systems},
 series = {CHI '06},
 year = {2006},
 isbn = {1-59593-372-7},
 location = {Montr\&\#233;al, Qu\&\#233;bec, Canada},
 pages = {581--590},
 numpages = {10},
 url = {http://doi.acm.org/10.1145/1124772.1124861},
 doi = {http://doi.acm.org/10.1145/1124772.1124861},
 acmid = {1124861},
 publisher = {ACM},
 address = {New York, NY, USA},
 keywords = {phishing, phishing user study, security usability, why phishing works},
}

@misc{website:owasp-csrf,
      title = "Cross Site Request Forgery (CSRF)",
      howpublished = {\url{https://www.owasp.org/index.php/Cross-Site_Request_Forgery_(CSRF)}}
}

@misc{website:ruby,
      title = "Ruby on rails",
      howpublished = {\url{http://www.rubyonrails.org/}}
}

@inproceedings{Barth:2008:RDC:1455770.1455782,
 author = {Barth, Adam and Jackson, Collin and Mitchell, John C.},
 title = {Robust defenses for cross-site request forgery},
 booktitle = {Proceedings of the 15th ACM conference on Computer and communications security},
 series = {CCS '08},
 year = {2008},
 isbn = {978-1-59593-810-7},
 location = {Alexandria, Virginia, USA},
 pages = {75--88},
 numpages = {14},
 url = {http://doi.acm.org/10.1145/1455770.1455782},
 doi = {http://doi.acm.org/10.1145/1455770.1455782},
 acmid = {1455782},
 publisher = {ACM},
 address = {New York, NY, USA},
 keywords = {cross-site request forgery, http referer header, same-origin policy, web application firewall},
}

@misc{website:cgisecurity-csrf,
      title = "The Cross Site Request Forgery (CSRF)",
      howpublished = {\url{http://www.cgisecurity.com/csrf-faq.html}}
}

@misc{website:w3c-cors,
      title = "Cross-Origin Resource Sharing",
      howpublished = {\url{http://dvcs.w3.org/hg/cors/raw-file/tip/Overview.html}}
}

@misc{website:curl,
      title = "Curl",
      howpublished= {\url{http://curl.haxx.se/}}
}

@misc{website:openssl-threads,
      title = "OpenSSL Threads",
      howpublished = {\url{http://www.openssl.org/docs/crypto/threads.html}}
}

@misc{website:pcre,
      title = "Perl Like Regular Expressions",
      howpublished = {\url{http://www.pcre.org/}}
}

@misc{website:libxml,
      title = "The XML parser toolkit for Gnome",
			howpublished = {\url{http://xmlsoft.org/}},
      url = "http://xmlsoft.org/"
}